@article{Danysz:1953aa,
      author         = "Danysz, M. and Pniewski, J.",
      journal        = "Phil. Mag.",
      volume         = "44",
      pages          = "348",
      year           = "1953",
}
@article{Hahn:1986mb,
      author         = "Hahn, D. and Stoecker, Horst",
      title          = "{THE QUANTUM STATISTICAL MODEL OF FRAGMENT FORMATION:
                        ENTROPY AND TEMPERATURE EXTRACTION IN HEAVY ION
                        COLLISIONS}",
      journal        = "Nucl. Phys.",
      volume         = "A476",
      pages          = "718-772",
      doi            = "10.1016/0375-9474(88)90332-6",
      year           = "1988",
}

@article{cite:PDG,
author = "Olive, K.A.  and others",
collaboration = "Particle Data Group",
title = "{Review of Particle Physics}",
journal = "Chin. Phys.",
volume  = "C38",
pages = "090001",
year = "2014",
doi =  "10.1088/1674-1137/38/9/090001"
}

@article{cite:Xi_pp,
author = "Abelev, B.  and others",
collaboration = "ALICE",
title = "{Production of $\Sigma$(1385)$^\pm$ and $\Xi$(1530)$^{0}$ in 
proton-proton collisions at \s = 7 TeV}",
journal = "Eur. Phys. J.",
volume  = "C75",
pages = "1",
year = "2015",
archivePrefix = "arXiv",
eprint        = "1406.3206",
primaryClass  = "nucl-ex",
doi ="10.1140/epjc/s10052-014-3191-x"
}

@article{cite:Xi_pPb,
author = "Adam, J. and others",
collaboration = "ALICE",
title = "{Multi-strange baryon production in p--Pb collisions at \snn =5.02 TeV}",
journal = "Phys. Lett.",
volume  = "B758",
pages = "389-401",
year = "2016",
doi ="doi:10.1016/j.physletb.2016.05.027",
archivePrefix = "arXiv",
eprint        = "1512.07227",
primaryClass  = "nucl-ex"
}

@article{cite:lambda_pp,
author = "Aamodt, K.  and others",
collaboration = "ALICE",
title = "{Strange particle production in proton-proton 
collisions at \s = 0.9 TeV with ALICE at the LHC}",
journal = "Eur. Phys. J.",
volume  = "C71",
pages = "1594",
year = "2011",
archivePrefix = "arXiv",
eprint        = "1012.3257",
primaryClass  = "nucl-ex",
doi = "10.1140/epjc/s10052-011-1594-5"
}

@article{cite:lambda_pPb,
author = "Adam, J.  and others",
collaboration = "ALICE",
title = "{Multiplicity dependence of pion, kaon, proton and lambda
production in p--Pb collisions at \snn = 5.02 TeV}",
journal = "Phys. Lett.",
volume  = "B728",
pages = "25-38",
year = "2014",
archivePrefix = "arXiv",
eprint        = "1307.6796",
primaryClass  = "nucl-ex",
doi = "10.1016/j.physletb.2013.11.020"
}


@article{cite:ALICE,
author = "Aamodt, K.  and others",
collaboration = "ALICE",
title = "{The ALICE experiment at the CERN LHC}",
journal = "JINST",
volume  = "3",
pages = "S08002",
year = "2008",
doi = "10.1088/1748-0221/3/08/S08002"
}

@article{cite:ALICEPerformance,
author = " Abelev, B.  and others",
collaboration = "ALICE",
title = "{Performance of the ALICE Experiment at the CERN LHC}",
journal = "Int. J. Mod. Phys.",
volume  = "A29",
pages = "1430044",
year = " 2014",
archivePrefix = "arXiv",
eprint        = "1402.4476",
primaryClass  = "nucl-ex",
doi ="10.1142/S0217751X14300440"
}

@article{cite:KphipPb,
author = "Adam, J.  and others",
collaboration = "ALICE ",
title = "{Production of K$^*(892)^0$ and $\phi$(1020) in p--Pb collisions at \snn = 5.02 TeV}",
journal = "Eur. Phys. J.",
volume  = "C76",
pages = "245",
year = "2016",
archivePrefix = "arXiv",
eprint        = "1601.7868",
primaryClass  = "nucl-ex",
doi = "10.1140/epjc/s10052-016-4088-7"
}

@article{cite:D0,
author = "Adam, J and others",
collaboration = "ALICE",
title = "{$D$-meson production in p--Pb collisions at \snn  = 5.02 TeV and in pp collisions at \s  = 7 TeV}",
journal = "Phys. Rev. C",
volume  = "94",
pages = "054908",
year = "2016",
archivePrefix = "arXiv",
eprint        = "1605.07569",
primaryClass  = "nucl-ex",
doi = "10.1103/PhysRevC.94.054908"
}


@article{cite:Jpsi_pp,
author = "Abelev, B.  and others",
collaboration = "ALICE",
title = "{Inclusive J/$\psi$ production in pp collisions at \s  = 2.76 TeV}",
journal = "Phys. Lett.",
volume  = "B718",
pages = "295-306",
year = "2012",
archivePrefix = "arXiv",
eprint        = "1203.3641",
primaryClass  = "hep-ex",
doi =  "10.1016/j.physletb.2012.10.078"
}


@article{cite:Jpsi_pPb,
author = "Adam, J.  and others",
collaboration = " ALICE ",
title = "{Rapidity and transverse-momentum dependence of
the inclusive J/$\psi$ nuclear modification factor in p--Pb collisions at \snn = 5.02 TeV}",
journal = "JHEP",
volume  = "06",
pages = "55",
year = "2015",
archivePrefix = "arXiv",
eprint        = " 1503.07179 ",
primaryClass  = "nucl-ex",
doi = "10.1007/JHEP06(2015)055"
}



@article{cite:strangePbPb,
author = "Abelev, Betty and others",
collaboration = "ALICE  ",
title = "{Multi-strange baryon production at mid-rapidity
in  Pb--Pb collisions at \snn = 2.76 TeV}",
journal = "Phys. Lett.",
volume  = "B728",
pages = "216-227",
year = " 2014 ",
archivePrefix = "arXiv",
eprint        = "1307.5543  ",
primaryClass  = "nucl-ex",
doi = "10.1016/j.physletb.2013.11.048 "
}



@article{cite:trackingeffi,
author = "Abelev, B.  and others",
collaboration = "ALICE  ",
title = "{Centrality dependence of $\pi$, $K$ and $p$ production in Pb--Pb collisions at \snn = 2.76 TeV}",
journal = "Phys. Rev.",
volume  = "C88",
year = " 2013 ",
archivePrefix = "arXiv",
eprint        = "1301.4361 ",
primaryClass  = "nucl-ex",
doi = "https://doi.org/10.1103/PhysRevC.88.044909"
}

@article{cite:centralityPbPb,
author = "Abelev, B.  and others",
collaboration = "ALICE  ",
title = "{Centrality determination of Pb--Pb collisions at \snn = 2.76 TeV with ALICE}",
journal = "Phys. Rev.",
volume  = "C88",
year = " 2013 ",
archivePrefix = "arXiv",
eprint        = "1303.0737 ",
primaryClass  = "nucl-ex",
doi = "https://doi.org/10.1103/PhysRevC.88.044910"
}



@article{cite:rapidity,
author = "Abelev, B.  and others",
collaboration = "ALICE",
title = "{Pseudorapidity Density of Charged Particles in p--Pb
Collisions at \snn = 5.02 TeV}",
journal = " Phys. Rev. Lett.",
volume  = " 110",
pages = "  032301",
year = "2013",
archivePrefix = "arXiv",
eprint        = "1210.3615",
primaryClass  = "nucl-ex",
doi = "10.1103/PhysRevLett.110.032301 "
}

@article{cite:DPMJET,
author = "Roesler, S. and Engel, R. and and Ranft, J.",
title = "{The Monte Carlo Event Generator DPMJET-III, Advanced Monte Carlo for Radiation Physics, Particle Transport 
Simulation and Applications}",
journal = "{Conference Proceedings, MC2000, Lisbon, Portugal,  October 23-26}",
pages = "1033-1038",
year = "2000",
eprint        = "hep-ph/0012252",
doi = "10.1007/978-3-642-18211-2_166"
}

@article{cite:GEANT,
author = "Brun, R. and Carminati, F. and Giani, S.", 
title = "{GEANT detector description and simulation tool}", 
journal = "CERN-W5013",
pages = "",
volune = "",
year = "1994"
}

@article{cite:barlow,
author = "Barlow, R.",
title = "{Systematic Errors: Facts and Fictions}",
journal = "{Presented at Advanced Statistical 
Techniques in HEP, Durham, March 2002}",
year = "2002",
pages = "333p",
eprint        = "hep-ex/0207026v1",
}


@article{cite:STAR-hadronic_resonances-dAu,
author = "Abelev, B.~I.  and others",
collaboration = "STAR",
title = "{Hadronic resonance production in d--Au collisions at \snn = 200 GeV
 measured at the BNL Relativistic Heavy-Ion Collider}",
journal = "Phys. Rev.",
volume  = "C78",
pages = " 044906",
year = "2008",
archivePrefix = "arXiv",
eprint        = "0801.0450  ",
primaryClass  = "nucl-ex",
doi = "10.1103/PhysRevC.78.044906"
}


@article{ cite:mass_scaling,
author = "Vel\'asquez, A.",
title = "{Mean \pt scaling with ${\rm m/n_q }$ at the LHC: Absence of (hydro) flow in small 
systems?}",
journal = "Nucl. Phys.",
volume  = "A943",
pages = "9-17",
year = "2015",
archivePrefix = "arXiv",
eprint        = " 1506.00584 ",
primaryClass  = "hep-ph",
doi =  "10.1016/j.nuclphysa.2015.08.003"
}


@article{Wheaton:2004qb,
      author         = "Wheaton, S. and  Cleymans, J.  and  Hauer, M.",
      title          = "{THERMUS: A Thermal model package for ROOT}",
      journal        = "Comput. Phys. Commun.",
      volume         = "180",
      pages          = "84-106",
      doi            = "10.1016/j.cpc.2008.08.001",
      year           = "2009",
      eprint         = "hep-ph/0407174",
%      archivePrefix  = "arXiv",
 %     primaryClass   = "hep-ph",
}
@article{Cleymans:2011pe,
      author         = "Cleymans, J. and Kabana, S. and Kraus, I. and Oeschler,
                        H. and Redlich, K. and Sharma, N.",
      title          = "{Antimatter production in proton-proton and heavy-ion
                        collisions at ultrarelativistic energies}",
      journal        = "Phys. Rev.",
      volume         = "C84",
      year           = "2011",
      pages          = "054916",
      doi            = "10.1103/PhysRevC.84.054916",
      eprint         = "1105.3719",
      archivePrefix  = "arXiv",
      primaryClass   = "hep-ph",
      SLACcitation   = "%%CITATION = ARXIV:1105.3719;%%"
}


@article{Cleymans:1992zc,
      author         = "Cleymans, J. and Satz, H.",
      title          = "{Thermal hadron production in high-energy heavy ion
                        collisions}",
      journal        = "Z. Phys.",
      volume         = "C57",
      pages          = "135-148",
      doi            = "10.1007/BF01555746",
      year           = "1993",
      eprint         = "hep-ph/9207204",
      archivePrefix  = "arXiv",
      primaryClass   = "hep-ph",
}
@article{Wheaton:2004vg,
      author         = "Wheaton, S. and Cleymans, J.",
      title          = "{Statistical-thermal model calculations using THERMUS}",
      journal        = "J. Phys. G",
      volume         = "G31",
      pages          = "S1069-S1074",
      doi            = "10.1088/0954-3899/31/6/060",
      year           = "2005",
      eprint         = "hep-ph/0412031",
      archivePrefix  = "arXiv",
      primaryClass   = "hep-ph",
}
@article{Hagedorn:1965st,
      author         = "Hagedorn, R.",
      title          = "{Statistical thermodynamics of strong interactions at
                        high-energies}",
      journal        = "Nuovo Cim. Suppl.",
      volume         = "3",
      pages          = "147-186",
      year           = "1965",
}
@article{Hagedorn:1968zz,
      author         = "Hagedorn, R.",
      title          = "{Hadronic matter near the boiling point}",
      journal        = "Nuovo Cim.",
      volume         = "A56",
      pages          = "1027-1057",
      year           = "1968",
}
@article{Landau:1953gs,
      author         = "Landau, L.D.",
      title          = "{On the multiparticle production in high-energy
                        collisions}",
      journal        = "Izv. Akad. Nauk Ser. Fiz.",
      volume         = "17",
      pages          = "51-64",
      year           = "1953",
}
@article{Heisenberg:1952zz,
      author         = "Heisenberg, W.",
      title          = "{Mesonenerzeugung als Stosswellenproblem}",
      journal        = "Z. Phys.",
      volume         = "133",
      pages          = "65",
      year           = "1952",
}
@article{Pomeranchuk:1951ey,
      author         = "Pomeranchuk, I.Ya.",
      title          = "{On the theory of multiple particle production in a
                        single collision}",
      journal        = "Dokl. Akad. Nauk Ser. Fiz.",
      volume         = "78",
      pages          = "889-891",
      year           = "1951",
}
@article{Fermi:1950jd,
      author         = "Fermi, Enrico",
      title          = "{High-energy nuclear events}",
      journal        = "Prog. Theor. Phys.",
      volume         = "5",
      pages          = "570-583",
      year           = "1950",
}
@article{BraunMunzinger:1996mq,
      author         = "Braun-Munzinger, P. and Stachel, J.",
      title          = "{Probing the phase boundary between hadronic matter and
                        the quark - gluon plasma in relativistic heavy ion
                        collisions}",
      journal        = "Nucl. Phys.",
      volume         = "A606",
      pages          = "320-328",
      doi            = "10.1016/0375-9474(96)00198-4",
      year           = "1996",
      note           = "Dedicated to Gerry Brown in honor of his 70th birthday",
      eprint         = "nucl-th/9606017",
      archivePrefix  = "arXiv",
      primaryClass   = "nucl-th",
}
@article{Hamieh:2000tk,
      author         = "Hamieh, Salah and Redlich, Krzysztof and Tounsi, Ahmed",
      title          = "{Canonical description of strangeness enhancement from
                        p-A to Pb Pb collisions}",
      journal        = "Phys. Lett.",
      volume         = "B486",
      pages          = "61-66",
      doi            = "10.1016/S0370-2693(00)00762-0",
      year           = "2000",
      eprint         = "hep-ph/0006024",
      archivePrefix  = "arXiv",
      primaryClass   = "hep-ph",
}
@article{Redlich:2002ij,
      author         = "Redlich, K. and Cleymans, J. and Oeschler, H. and Tounsi,
                        A.",
      title          = "{Particle production and equilibration in heavy ion
                        collisions}",
      journal        = "Acta Phys. Polon.",
      volume         = "B33",
      pages          = "1609-1628",
      year           = "2002",
}
@article{BraunMunzinger:2003zd,
      author         = "Braun-Munzinger, Peter and Redlich, Krzysztof and
                        Stachel, Johanna",
      title          = "{Particle production in heavy ion collisions}",
      year           = "2003",
      note           = "Quark Gluon Plasma 3, eds. R.C. Hwa and
                        Xin-Nian Wang, World Scientific Publishing",
      eprint         = "nucl-th/0304013",
      archivePrefix  = "arXiv",
      primaryClass   = "nucl-th",
}
@article{Rafelski:1980gk,
      author         = "Rafelski, Johann and Danos, Michael",
      title          = "{THE IMPORTANCE OF THE REACTION VOLUME IN HADRONIC
                        COLLISIONS}",
      journal        = "Phys. Lett.",
      volume         = "B97",
      pages          = "279",
      doi            = "10.1016/0370-2693(80)90601-2",
      year           = "1980",
}

@article{BraunMunzinger:2001as,
      author         = "Braun-Munzinger, P. and Cleymans, J. and Oeschler, H. and
                        Redlich, K.",
      title          = "{Maximum relative strangeness content in heavy ion
                        collisions around 30-GeV/A}",
      journal        = "Nucl. Phys.",
      volume         = "A697",
      pages          = "902-912",
      doi            = "10.1016/S0375-9474(01)01257-X",
      year           = "2002",
      eprint         = "hep-ph/0106066",
      archivePrefix  = "arXiv",
      primaryClass   = "hep-ph",
}
@article{Alt:2005gr,
      author         = "Alt, C. and others",
      title          = "{Energy and centrality dependence of antiproton and
                        proton production in relativistic Pb + Pb collisions at
                        the CERN SPS}",
      collaboration  = "NA49 Collaboration",
      year           = "2005",
      eprint         = "nucl-ex/0512033",
      archivePrefix  = "arXiv",
      primaryClass   = "nucl-ex",
}

@article{Arsenescu:2003eg,
      author         = "Arsenescu, R. and others",
      title          = "{An Investigation of the anti-nuclei and nuclei
                        production mechanism in Pb + Pb collisions at 158-A-GeV}",
      collaboration  = "NA52 Collaboration",
      journal        = "New J. Phys.",
      volume         = "5",
      pages          = "150",
      doi            = "10.1088/1367-2630/5/1/150",
      year           = "2003",
}

@article{Hagedorn:1984uy,
      author         = "Hagedorn, R. and Redlich, K.",
      title          = "{STATISTICAL THERMODYNAMICS IN RELATIVISTIC PARTICLE AND
                        ION PHYSICS: CANONICAL OR GRAND CANONICAL?}",
      journal        = "Z. Phys.",
      volume         = "C27",
      pages          = "541",
      doi            = "10.1007/BF01436508",
      year           = "1985",
}
@Article{Kraus:2007hf,
     author    = "Kraus, I. and Cleymans, J. and Oeschler, H. and Redlich, K.
                  and Wheaton, S.",
     title     = "{Chemical Equilibrium in Collisions of Small Systems}",
     journal   = "Phys. Rev.",
     volume    = "C76",
     year      = "2007",
     pages     = "064903",
     eprint    = "hep-ph/0707.3879",
     archivePrefix = "arXiv",
     primaryClass  =  "hep-ph",
     doi       = "10.1103/PhysRevC.76.064903",
     SLACcitation  = "%%CITATION = 0707.3879;%%"
}

@article{Randrup:2006nr,
      author         = "Randrup, Jorgen and Cleymans, Jean",
      title          = "{Maximum freeze-out baryon density in nuclear
                        collisions}",
      journal        = "Phys. Rev.",
      volume         = "C74",
      year           = "2006",
      pages          = "047901",
      doi            = "10.1103/PhysRevC.74.047901",
      eprint         = "hep-ph/0607065",
      archivePrefix  = "arXiv",
      primaryClass   = "hep-ph",
      reportNumber   = "LBNL-60923",
      SLACcitation   = "%%CITATION = HEP-PH/0607065;%%"
}

@article{Gazdzicki:1998vd,
      author         = "Gazdzicki, Marek and Gorenstein, Mark I.",
      title          = "{On the early stage of nucleus-nucleus collisions}",
      journal        = "Acta Phys. Polon.",
      volume         = "B30",
      year           = "1999",
      pages          = "2705",
      eprint         = "hep-ph/9803462",
      archivePrefix  = "arXiv",
      primaryClass   = "hep-ph",
      reportNumber   = "IKF-HENPG-2-98",
      SLACcitation   = "%%CITATION = HEP-PH/9803462;%%"
}

@article{Kraus:2009xa,
      author         = "Kraus, I. and Cleymans, J. and Oeschler, H. and Redlich,
                        K. and Wheaton, S.",
      title          = "{Statistical Model Predictions for p+p and Pb+Pb
                        Collisions at LHC}",
      year           = "2009",
      eprint         = "hep-ph/0902.0873",
      archivePrefix  = "arXiv",
      primaryClass   = "hep-ph",
}
@article{Wheaton:2004qb,
      author         = "Wheaton, S. and  Cleymans, J.  and  Hauer, M.",
      title          = "{THERMUS: A Thermal model package for ROOT}",
      journal        = "Comput. Phys. Commun.",
      volume         = "180",
      pages          = "84-106",
      doi            = "10.1016/j.cpc.2008.08.001",
      year           = "2009",
      eprint         = "hep-ph/0407174",
      archivePrefix  = "arXiv",
      primaryClass   = "hep-ph",
}

\bibitem{THERMUS} S. Wheaton, J. Cleymans, M.  Hauer, Comput. Phys. Commun. 180, 84 (2009).

@article{Agakishiev:2011ib,
      author         = "Agakishiev, H. and others",
      title          = "{Observation of the antimatter helium-4 nucleus}",
      collaboration  = "STAR Collaboration",
      year           = "2011",
      eprint         = "nucl-ex/1103.3312",
      archivePrefix  = "arXiv",
      primaryClass   = "nucl-ex",
}
@Article{Adler:2001uy,
     author    = "Adler, C. and others",
 collaboration = "STAR",
     title     = "{Antideuteron and anti-helium-3 production in s(NN)**(1/2)
                  = 130-GeV  Au + Au collisions}",
     journal   = "Phys. Rev. Lett.",
     volume    = "87",
     year      = "2001",
     pages     = "262301",
     eprint    = "nucl-ex/0108022",
     archivePrefix = "arXiv",
     doi       = "10.1103/PhysRevLett.87.262301",
     SLACcitation  = "%%CITATION = NUCL-EX/0108022;%%"
}
@article{Andronic:2010qu,
      author         = "Andronic, A. and Braun-Munzinger, P. and Stachel, J. and
                        Stoecker, H.",
      title          = "{Production of light nuclei, hypernuclei and their
                        antiparticles in relativistic nuclear collisions}",
      journal        = "Phys. Lett.",
      volume         = "B697",
      pages          = "203-207",
      doi            = "10.1016/j.physletb.2011.01.053",
      year           = "2011",
      eprint         = "1010.2995",
      archivePrefix  = "arXiv",
      primaryClass   = "nucl-th",
}
@article{Karsch:2010ck,
      author         = "Karsch, Frithjof and Redlich, Krzysztof",
      title          = "{Probing freeze-out conditions in heavy ion collisions
                        with moments of charge fluctuations}",
      journal        = "Phys. Lett.",
      volume         = "B695",
      pages          = "136-142",
      doi            = "10.1016/j.physletb.2010.10.046",
      year           = "2011",
      eprint         = "hep-ph/1007.2581",
      archivePrefix  = "arXiv",
      primaryClass   = "hep-ph",
}
@article{Cleymans:1998yb,
      author         = "Cleymans, Jean and Oeschler, Helmut and Redlich,
                        Krzysztof",
      title          = "{Influence of impact parameter on thermal description of
                        relativistic heavy ion collisions at (1-2) A-GeV}",
      journal        = "Phys. Rev.",
      volume         = "C59",
      pages          = "1663",
      doi            = "10.1103/PhysRevC.59.1663",
      year           = "1999",
      eprint         = "nucl-th/9809027",
      archivePrefix  = "arXiv",
      primaryClass   = "nucl-th",
}
@article{Cleymans:1998fq,
      author         = "Cleymans, J. and Redlich, K.",
      title          = "{Unified description of freezeout parameters in
                        relativistic heavy ion collisions}",
      journal        = "Phys. Rev. Lett.",
      volume         = "81",
      pages          = "5284-5286",
      doi            = "10.1103/PhysRevLett.81.5284",
      year           = "1998",
      eprint         = "nucl-th/9808030",
      archivePrefix  = "arXiv",
      primaryClass   = "nucl-th",
}
@article{Rapp:2000gy,
      author         = "Rapp, Ralf and Shuryak, Edward V.",
      title          = "{Resolving the anti-baryon production puzzle in
                        high-energy heavy ion collisions}",
      journal        = "Phys. Rev. Lett.",
      volume         = "86",
      pages          = "2980-2983",
      doi            = "10.1103/PhysRevLett.86.2980",
      year           = "2001",
      eprint         = "hep-ph/0008326; and refs. therein",
      archivePrefix  = "arXiv",
      primaryClass   = "hep-ph",
}
@Article{Alner:1985ra,
     author    = "Alner, G. J. and others",
 collaboration = "UA5",
     title     = "{KAON PRODUCTION IN anti-p p REACTIONS AT A CENTER-OF-MASS
                  ENERGY OF 540-GeV}",
     journal   = "Nucl. Phys.",
     volume    = "B258",
     year      = "1985",
     pages     = "505",
     doi       = "10.1016/0550-3213(85)90624-8",
     SLACcitation  = "%%CITATION = NUPHA,B258,505;%%"
}
@Article{Alexopoulos:1993wt,
     author    = "Alexopoulos, T. and others",
 collaboration = "E735",
     title     = "{Mass identified particle production in $p\bar{p}$
                  collisions at $\sqrt{s}$ = 300-GeV, 540-GeV, 1000-GeV, and
                  1800-GeV}",
     journal   = "Phys. Rev.",
     volume    = "D48",
     year      = "1993",
     pages     = "984-997",
     doi       = "10.1103/PhysRevD.48.984",
     SLACcitation  = "%%CITATION = PHRVA,D48,984;%%"
}
@Article{Abelev:2008ez,
     author    = "Abelev, B. I. and others",
 collaboration = "STAR",
     title     = "{Systematic Measurements of Identified Particle Spectra in
                  $p p, d^+$ Au and Au+Au Collisions from STAR}",
     journal   = "Phys. Rev.",
     volume    = "C79",
     year      = "2009",
     pages     = "034909",
     eprint    = "nucl-ex/0808.2041",
     archivePrefix = "arXiv",
     primaryClass  =  "nucl-ex",
     doi       = "10.1103/PhysRevC.79.034909",
     SLACcitation  = "%%CITATION = 0808.2041;%%"
}
@Article{Abelev:2006cs,
     author    = "Abelev, B. I. and others",
 collaboration = "STAR",
     title     = "{Strange particle production in p + p collisions at
                  s**(1/2) = 200-GeV}",
     journal   = "Phys. Rev.",
     volume    = "C75",
     year      = "2007",
     pages     = "064901",
     eprint    = "nucl-ex/0607033",
     archivePrefix = "arXiv",
     doi       = "10.1103/PhysRevC.75.064901",
     SLACcitation  = "%%CITATION = NUCL-EX/0607033;%%"
}
@Article{Abelev:2006jr,
    author    = "Abelev, B. I. and others",
    collaboration = "STAR",
    title     = "{Identified baryon and meson distributions at large
    transverse momenta  from Au + Au collisions at s(NN)**(1/2) = 200-GeV}",
    journal   = "Phys. Rev. Lett.",
    volume    = "97",
    year      = "2006",
    pages     = "152301",
    eprint    = "nucl-ex/0606003",
    archivePrefix = "arXiv",
    doi       = "10.1103/PhysRevLett.97.152301",
    SLACcitation  = "%%CITATION = NUCL-EX/0606003;%%"
}
@Article{Adams:2006ke,
     author    = "Adams, J. and others",
     collaboration = "STAR",
     title     = "{Scaling Properties of Hyperon Production in Au+Au Collisions at   sqrt(s_NN) = 200 GeV}",
     journal   = "Phys. Rev. Lett.",
     volume    = "98",
     year      = "2007",
     pages     = "062301",
     eprint    = "nucl-ex/0606014",
     archivePrefix = "arXiv",
     doi       = "10.1103/PhysRevLett.98.062301",
     SLACcitation  = "%%CITATION = NUCL-EX/0606014;%%"
}
@Article{Barannikova:2004rp,
     author    = "Barannikova, Olga Yu.",
 collaboration = "STAR",
     title     = "{Probing collision dynamics at RHIC}",
     year      = "2004",
     eprint    = "nucl-ex/0403014",
     archivePrefix = "arXiv",
     SLACcitation  = "%%CITATION = NUCL-EX/0403014;%%"
}
@Article{Alt:2005zq,
     author    = "Alt, C. and others",
 collaboration = "NA49",
     title     = "{Inclusive production of charged pions in p p collisions at
                  158-GeV/c  beam momentum}",
     journal   = "Eur. Phys. J.",
     volume    = "C45",
     year      = "2006",
     pages     = "343-381",
     eprint    = "hep-ex/0510009",
     archivePrefix = "arXiv",
     doi       = "10.1140/epjc/s2005-02391-9",
     SLACcitation  = "%%CITATION = HEP-EX/0510009;%%"
}
@Article{Anticic:2009wd,
     author    = "Anticic, T. and others",
 collaboration = "NA49",
     title     = "{Inclusive production of protons, anti-protons and neutrons
                  in p+p collisions at 158 GeV/c beam momentum}",
     journal   = "Eur. Phys. J.",
     volume    = "C65",
     year      = "2010",
     pages     = "9-63",
     eprint    = "0904.2708",
     archivePrefix = "arXiv",
     primaryClass  =  "hep-ex",
     doi       = "10.1140/epjc/s10052-009-1172-2",
     SLACcitation  = "%%CITATION = 0904.2708;%%"
}
@Article{Afanasiev:2002mx,
     author    = "Afanasiev, S. V. and others",
 collaboration = "The NA49",
     title     = "{Energy dependence of pion and kaon production in central
                  Pb + Pb collisions}",
     journal   = "Phys. Rev.",
     volume    = "C66",
     year      = "2002",
     pages     = "054902",
     eprint    = "nucl-ex/0205002",
     archivePrefix = "arXiv",
     doi       = "10.1103/PhysRevC.66.054902",
     SLACcitation  = "%%CITATION = NUCL-EX/0205002;%%"
}
@Article{Alt:2006dk,
     author    = "Alt, C. and others",
 collaboration = "NA49",
     title     = "{Energy and centrality dependence of anti-p and p
                  production and the anti-Lambda/anti-p ratio in Pb+Pb
                  collisions between 20/A-GeV and 158/A-Gev}",
     journal   = "Phys. Rev.",
     volume    = "C73",
     year      = "2006",
     pages     = "044910",
     doi       = "10.1103/PhysRevC.73.044910",
     SLACcitation  = "%%CITATION = PHRVA,C73,044910;%%"
}

@Article{Alt:2008qm,
     author    = "Alt, C. and others",
     title     = "{Omega- and Antiomega+ production in Pb + Pb and p + p
                  collisions at  30-A-GeV, 40-A-GeV and 158-A-GeV}",
     journal   = "J. Phys.",
     volume    = "G30",
     year      = "2004",
     pages     = "S357-S362",
     eprint    = "nucl-ex/0305029",
     archivePrefix = "arXiv",
     doi       = "10.1088/0954-3899/30/1/042",
     SLACcitation  = "%%CITATION = NUCL-EX/0305029;%%"
}
@Article{Aamodt:2010d,
     author    = "Aamodt, Authors:: K. and others",
 collaboration = "ALICE",
     title     = "{Midrapidity antiproton-to-proton ratio in pp collisions at
                  $\sqrt{s} = 0.9$ and $7$~TeV measured by the ALICE
                  experiment}",
     journal   = "Phys. Rev. Lett.",
     volume    = "105",
     year      = "2010",
     pages     = "072002",
     eprint    = "1006.5432",
     archivePrefix = "arXiv",
     primaryClass  =  "hep-ex",
     SLACcitation  = "%%CITATION = 1006.5432;%%"
}
@article{Stoecker:1986ci,
      author         = "Stoecker, Horst and Greiner, W.",

      title          = "{High-Energy Heavy Ion Collisions: Probing the Equation
                        of State of Highly Excited Hadronic Matter}",
      journal        = "Phys. Rept.",
      volume         = "137",
      pages          = "277-392",
      doi            = "10.1016/0370-1573(86)90131-6",
      year           = "1986",
}

@Article{Alt:2007fe,
     author    = "Alt, C. and others",
 collaboration = "NA49",
     title     = "{Pion and kaon production in central Pb+Pb collisions at
                  20A and 30A GeV: Evidence for the onset of deconfinement}",
     journal   = "Phys. Rev.",
     volume    = "C77",
     year      = "2008",
     pages     = "024903",
     eprint    = "0710.0118",
     archivePrefix = "arXiv",
     primaryClass  =  "nucl-ex",
     doi       = "10.1103/PhysRevC.77.024903",
     SLACcitation  = "%%CITATION = 0710.0118;%%"
}

@Article{Abelev:2010,
     author    = "Abelev, B. I.",
 collaboration = "STAR",
     title     = "{Observation of an Antimatter Hypernucleus}",
     journal   = "Science",
     volume    = "328",
     year      = "2010",
     pages     = "58-62",
     eprint    = "1003.2030",
     archivePrefix = "arXiv",
     primaryClass  =  "nucl-ex",
     doi       = "10.1126/science.1183980",
     SLACcitation  = "%%CITATION = 1003.2030;%%"
}
@article{Wroblewski:1985sz,
      author         = "Wroblewski, A.",
      title          = "{ON THE STRANGE QUARK SUPPRESSION FACTOR IN HIGH-ENERGY
                        COLLISIONS}",
      journal        = "Acta Phys. Polon.",
      volume         = "B16",
      year           = "1985",
      pages          = "379-392",
      SLACcitation   = "%%CITATION = APPOA,B16,379;%%"
}

@article{Broniowski:2001we,
      author         = "Broniowski, Wojciech and Florkowski, Wojciech",
      title          = "{Explanation of the RHIC p(T) spectra in a thermal model
                        with expansion}",
      journal        = "Phys. Rev. Lett.",
      volume         = "87",
      year           = "2001",
      pages          = "272302",
      doi            = "10.1103/PhysRevLett.87.272302",
      eprint         = "nucl-th/0106050",
      archivePrefix  = "arXiv",
      primaryClass   = "nucl-th",
      SLACcitation   = "%%CITATION = NUCL-TH/0106050;%%"
}

@article{Akkelin:2001wv,
      author         = "Akkelin, S. V. and Braun-Munzinger, P. and Sinyukov,
                        {\relax Yu}. M.",
      title          = "{Reconstruction of hadronization stage in Pb + Pb
                        collisions at 158/A-GeV/c}",
      journal        = "Nucl. Phys.",
      volume         = "A710",
      year           = "2002",
      pages          = "439-465",
      doi            = "10.1016/S0375-9474(02)01165-X",
      eprint         = "nucl-th/0111050",
      archivePrefix  = "arXiv",
      primaryClass   = "nucl-th",
      SLACcitation   = "%%CITATION = NUCL-TH/0111050;%%"
}

@article{Bjorken:1982qr,
      author         = "Bjorken, J. D.",
      title          = "{Highly Relativistic Nucleus-Nucleus Collisions: The
                        Central Rapidity Region}",
      journal        = "Phys. Rev.",
      volume         = "D27",
      year           = "1983",
      pages          = "140-151",
      doi            = "10.1103/PhysRevD.27.140",
      reportNumber   = "FERMILAB-PUB-82-044-THY, FERMILAB-PUB-82-044-T",
      SLACcitation   = "%%CITATION = PHRVA,D27,140;%%"
}

@article{Chatterjee:2015fua,
      author         = "Chatterjee, Sandeep and Das, Sabita and Kumar, Lokesh and
                        Mishra, D. and Mohanty, Bedangadas and Sahoo, Raghunath
                        and Sharma, Natasha",
      title          = "{Freeze-Out Parameters in Heavy-Ion Collisions at AGS,
                        SPS, RHIC, and LHC Energies}",
      journal        = "Adv. High Energy Phys.",
      volume         = "2015",
      year           = "2015",
      pages          = "349013",
      doi            = "10.1155/2015/349013",
      SLACcitation   = "%%CITATION = 00642,2015,349013;%%"
}

@article{Cleymans:2011pe,
      author         = "Cleymans, J. and Kabana, S. and Kraus, I. and Oeschler,
                        H. and Redlich, K. and Sharma, N.",
      title          = "{Antimatter production in proton-proton and heavy-ion
                        collisions at ultrarelativistic energies}",
      journal        = "Phys. Rev.",
      volume         = "C84",
      year           = "2011",
      pages          = "054916",
      doi            = "10.1103/PhysRevC.84.054916",
      eprint         = "1105.3719",
      archivePrefix  = "arXiv",
      primaryClass   = "hep-ph",
      SLACcitation   = "%%CITATION = ARXIV:1105.3719;%%"
}

@Article{Cleymans:2005xv,
     author    = "Cleymans, J. and Oeschler, H. and Redlich, K. and Wheaton,
                  S.",
     title     = "{Comparison of chemical freeze-out criteria in heavy-ion
                  collisions}",
     journal   = "Phys. Rev.",
     volume    = "C73",
     year      = "2006",
     pages     = "034905",
     eprint    = "hep-ph/0511094",
     archivePrefix = "arXiv",
     doi       = "10.1103/PhysRevC.73.034905",
     SLACcitation  = "%%CITATION = HEP-PH/0511094;%%"
}

@article{Cleymans:2004hj,
      author         = "Cleymans, J. and Oeschler, H. and Redlich, K. and
                        Wheaton, S.",
      title          = "{Transition from baryonic to mesonic freeze-out}",
      journal        = "Phys. Lett.",
      volume         = "B615",
      year           = "2005",
      pages          = "50-54",
      doi            = "10.1016/j.physletb.2005.03.074",
      eprint         = "hep-ph/0411187",
      archivePrefix  = "arXiv",
      primaryClass   = "hep-ph",
      SLACcitation   = "%%CITATION = HEP-PH/0411187;%%"
}



@Article{Andronic:2005yp,
     author    = "Andronic, A. and Braun-Munzinger, P. and Stachel, J.",
     title     = "{Hadron production in central nucleus nucleus collisions at
                  chemical  freeze-out}",
     journal   = "Nucl. Phys.",
     volume    = "A772",
     year      = "2006",
     pages     = "167-199",
     eprint    = "nucl-th/0511071",
     archivePrefix = "arXiv",
     doi       = "10.1016/j.nuclphysa.2006.03.012",
     SLACcitation  = "%%CITATION = NUCL-TH/0511071;%%"
}


@Article{zhou,
     author    = "Jianhang Zhou",
     title     = "{Light (Anti-)Nuclei Production in the STAR Experiment
                   at RHIC}",
     journal   = "Rice University",
     volume    = "Ph.D. Thesis",
     year      = "August 2009",
     SLACcitation  = "%%CITATION = NUCL-TH/0511071;%%"
}


@Article{Sato:1981ez,
     author    = "Sato, H. and Yazaki, K.",
     title     = "{On the coalescence model for high-energy nuclear
                  reactions}",
     journal   = "Phys. Lett.",
     volume    = "B98",
     year      = "1981",
     pages     = "153-157",
     doi       = "10.1016/0370-2693(81)90976-X",
     SLACcitation  = "%%CITATION = PHLTA,B98,153;%%"
}

@Article{Ioffe:2003uf,
     author    = "Ioffe, B. L. and Shushpanov, I. A. and Zyablyuk, K. N.",
     title     = "{Formation of antideuterons in heavy ion collisions}",
     journal   = "Phys. Atom. Nucl.",
     volume    = "68",
     year      = "2005",
     pages     = "326-331",
     eprint    = "hep-ph/0302052",
     archivePrefix = "arXiv",
     doi       = "10.1134/1.1866387",
     SLACcitation  = "%%CITATION = HEP-PH/0302052;%%"
}

@Article{Ioffe:2004rb,
     author    = "Ioffe, B. L. and Shushpanov, I. A. and Zyablyuk, K. N.",
     title     = "{Production of light antinuclei in heavy ion collisions}",
     journal   = "Int. J. Mod. Phys.",
     volume    = "E13",
     year      = "2004",
     pages     = "1157-1178",
     eprint    = "nucl-th/0403089",
     archivePrefix = "arXiv",
     doi       = "10.1142/S0218301304002673",
     SLACcitation  = "%%CITATION = NUCL-TH/0403089;%%"
}
@inproceedings{Cleymans:1997eq,
      author         = "Cleymans, J.",
      title          = "{Strangeness: Theoretical status}",
      booktitle      = "{Proceedings, 3rd International Conference on Physics and
                        astrophysics of quark-gluon plasma (ICPA-QGP '97)}",
      year           = "1998",
      pages          = "55-64",
      eprint         = "nucl-th/9704046",
      archivePrefix  = "arXiv",
      primaryClass   = "nucl-th",
      SLACcitation   = "%%CITATION = NUCL-TH/9704046;%%"
}
@article{Agashe:2014kda,
      author         = "Olive, K. A. and others",
      title          = "{Review of Particle Physics}",
      collaboration  = "Particle Data Group",
      journal        = "Chin. Phys.",
      volume         = "C38",
      year           = "2014",
      pages          = "090001",
      doi            = "10.1088/1674-1137/38/9/090001",
      SLACcitation   = "%%CITATION = CHPHD,C38,090001;%%"
}
@article{Abgrall:2014xwa,
      author         = "Abgrall, N. and others",
      title          = "{NA61/SHINE facility at the CERN SPS: beams and detector
                        system}",
      collaboration  = "NA61",
      journal        = "JINST",
      volume         = "9",
      year           = "2014",
      pages          = "P06005",
      doi            = "10.1088/1748-0221/9/06/P06005",
      eprint         = "1401.4699",
      archivePrefix  = "arXiv",
      primaryClass   = "physics.ins-det",
      reportNumber   = "CERN-PH-EP-2014-003",
      SLACcitation   = "%%CITATION = ARXIV:1401.4699;%%"
}
@article{Mustafa:2015yeg,
      author         = "Mustafa, Mustafa",
      title          = "{Overview of recent results from the STAR experiment}",
      collaboration  = "STAR",
      year           = "2015",
      eprint         = "1512.09329",
      archivePrefix  = "arXiv",
      primaryClass   = "nucl-ex",
      SLACcitation   = "%%CITATION = ARXIV:1512.09329;%%"
}
@article{Sorin:2015sxz,
      author         = "Sorin, Alexander and Kekelidze, V. and Kovalenko, A. and
                        Lednicky, R. and Matveev, V. and Meshkov, I. and
                        Trubnikov, G.",
      title          = "{Status of the NICA Project}",
      booktitle      = "{Proceedings, 9th International Workshop on Critical
                        Point and Onset of Deconfinement (CPOD 2014)}",
      journal        = "PoS",
      volume         = "CPOD2014",
      year           = "2015",
      pages          = "042",
      SLACcitation   = "%%CITATION = POSCI,CPOD2014,042;%%"
}
@inproceedings{Augustin:2008gy,
      author         = "Augustin, Ingo and Gutbrod, Hans H. and Kramer, Dieter
                        and Langanke, Karlheinz and Stocker, Horst",
      title          = "{New Physics at the International Facility for Antiproton
                        and Ion Research (FAIR) Next to GSI}",
      booktitle      = "{4th International Conference on Fission and Properties
                        of Neutron Rich nuclei (ICFN4) Sanibel Island, Florida,
                        USA, November 11-17, 2007}",
      url            = "http://inspirehep.net/record/782515/files/arXiv:0804.0177.pdf",
      year           = "2008",
      eprint         = "0804.0177",
      archivePrefix  = "arXiv",
      primaryClass   = "hep-ph",
      SLACcitation   = "%%CITATION = ARXIV:0804.0177;%%"
}
@article{Ahle:1999uy,
      author         = "Ahle, L. and others",
      title          = "{Excitation function of K+ and pi+ production in Au + Au
                        reactions at 2/A-GeV to 10/A-GeV}",
      collaboration  = "E917, E866",
      journal        = "Phys. Lett.",
      volume         = "B476",
      year           = "2000",
      pages          = "1-8",
      doi            = "10.1016/S0370-2693(00)00037-X",
      eprint         = "nucl-ex/9910008",
      archivePrefix  = "arXiv",
      primaryClass   = "nucl-ex",
      SLACcitation   = "%%CITATION = NUCL-EX/9910008;%%"
}
@article{Klay:2003zf,
      author         = "Klay, J. L. and others",
      title          = "{Charged pion production in 2 to 8 agev central au+au
                        collisions}",
      collaboration  = "E-0895",
      journal        = "Phys. Rev.",
      volume         = "C68",
      year           = "2003",
      pages          = "054905",
      doi            = "10.1103/PhysRevC.68.054905",
      eprint         = "nucl-ex/0306033",
      archivePrefix  = "arXiv",
      primaryClass   = "nucl-ex",
      SLACcitation   = "%%CITATION = NUCL-EX/0306033;%%"
}
@article{Ahle:2000wq,
      author         = "Ahle, L. and others",
      title          = "{An Excitation function of K- and K+ production in Au +
                        Au reactions at the AGS}",
      collaboration  = "E917, E866",
      journal        = "Phys. Lett.",
      volume         = "B490",
      year           = "2000",
      pages          = "53-60",
      doi            = "10.1016/S0370-2693(00)00916-3",
      eprint         = "nucl-ex/0008010",
      archivePrefix  = "arXiv",
      primaryClass   = "nucl-ex",
      SLACcitation   = "%%CITATION = NUCL-EX/0008010;%%"
}
@article{Floris:2016hhc,
      author         = "Floris, Michele",
      title          = "{Overview of ALICE Results}",
      booktitle      = "{15th International Conference on Strangeness in Quark
                        Matter (SQM 2015)}",
      collaboration  = "ALICE",
      journal        = "J. Phys. Conf. Ser.",
      volume         = "668",
      year           = "2016",
      number         = "1",
      pages          = "012013",
      doi            = "10.1088/1742-6596/668/1/012013",
      SLACcitation   = "%%CITATION = 00462,668,012013;%%"
}
@article{Vovchenko:2015idt,
      author         = "Vovchenko, V. and Begun, V. V. and Gorenstein, M. I.",
      title          = "{Hadron multiplicities and chemical freeze-out conditions
                        in proton-proton and nucleus-nucleus collisions}",
      year           = "2015",
      eprint         = "1512.08025",
      archivePrefix  = "arXiv",
      primaryClass   = "nucl-th",
      SLACcitation   = "%%CITATION = ARXIV:1512.08025;%%"
}
